<record><leader>00000cas a2200000 a 4500</leader><controlfield tag="001">37646270</controlfield><controlfield tag="008">970918d19311935miuwr n       0    0eng c</controlfield><datafield ind1=" " ind2=" " tag="010"><subfield code="a">sn 97063359 </subfield></datafield><datafield ind1=" " ind2=" " tag="040"><subfield code="a">MHN</subfield><subfield code="b">eng</subfield><subfield code="c">MHN</subfield><subfield code="d">OCL</subfield><subfield code="d">OCLCQ</subfield><subfield code="d">OCLCF</subfield><subfield code="d">OCLCO</subfield></datafield><datafield ind1="1" ind2=" " tag="029"><subfield code="a">AU@</subfield><subfield code="b">000013497128</subfield></datafield><datafield ind1=" " ind2=" " tag="042"><subfield code="a">pcc</subfield></datafield><datafield ind1=" " ind2=" " tag="043"><subfield code="a">n-us-mi</subfield></datafield><datafield ind1="0" ind2="4" tag="245"><subfield code="a">The Ann Arbor tribune.</subfield></datafield><datafield ind1=" " ind2=" " tag="260"><subfield code="a">Ann Arbor, Mich. :</subfield><subfield code="b">Washtenaw Tribune</subfield></datafield><datafield ind1=" " ind2=" " tag="300"><subfield code="a">v.</subfield></datafield><datafield ind1=" " ind2=" " tag="310"><subfield code="a">Weekly,</subfield><subfield code="b">Feb. 16, 1934-Feb. 1, 1935</subfield></datafield><datafield ind1=" " ind2=" " tag="321"><subfield code="a">Triweekly,</subfield><subfield code="b">July 22, 1931-Feb. 9, 1934</subfield></datafield><datafield ind1="0" ind2=" " tag="362"><subfield code="a">Vol. 14, no. 125 (July 22, 1931)-v. 18, no. 18 (Feb. 1, 1935).</subfield></datafield><datafield ind1=" " ind2=" " tag="515"><subfield code="a">Issue for Nov. 6, 1931 and Nov. 9, 1931 called vol. 14, no. 14 but constitutes v. 14, no. 15, and v. 14, no. 16.</subfield></datafield><datafield ind1=" " ind2="0" tag="651"><subfield code="a">Ann Arbor (Mich.)</subfield><subfield code="v">Newspapers.</subfield></datafield><datafield ind1=" " ind2="0" tag="651"><subfield code="a">Washtenaw County (Mich.)</subfield><subfield code="v">Newspapers.</subfield></datafield><datafield ind1=" " ind2="7" tag="655"><subfield code="a">Newspapers.</subfield><subfield code="2">fast</subfield><subfield code="0">(OCoLC)fst01423814</subfield></datafield><datafield ind1=" " ind2="7" tag="651"><subfield code="a">Michigan</subfield><subfield code="z">Ann Arbor.</subfield><subfield code="2">fast</subfield><subfield code="0">(OCoLC)fst01204587</subfield></datafield><datafield ind1=" " ind2="7" tag="651"><subfield code="a">Michigan</subfield><subfield code="z">Washtenaw County.</subfield><subfield code="2">fast</subfield><subfield code="0">(OCoLC)fst01214739</subfield></datafield><datafield ind1=" " ind2=" " tag="752"><subfield code="a">United States</subfield><subfield code="b">Michigan</subfield><subfield code="c">Washtenaw</subfield><subfield code="d">Ann Arbor.</subfield></datafield><datafield ind1="0" ind2="0" tag="780"><subfield code="t">Washtenaw tribune</subfield><subfield code="w">(DLC)sn 97063358</subfield><subfield code="w">(OCoLC)37686598</subfield></datafield><datafield ind1="0" ind2="0" tag="785"><subfield code="t">Washtenaw post-tribune</subfield><subfield code="w">(DLC)sn 97063360</subfield><subfield code="w">(OCoLC)37684584</subfield></datafield></record>